
@Unpublished{anderson04,
  author = 		 {Bernard Ong, Nanda Rajarathinam, Venkatesh Subramaniam and Deepak Khurana},
  title = 		 {What It Took to Score the Top 2 percent on the Higgs Boson Machine Learning Challenge},
  year = 	 2016,
  organization = {NYC Data Science Academy},
  note = {https://blog.nycdatascience.com/student-works/machine-learning/top2p-higgs-boson-machine-learning/}
}
